@misc{selingerLectureNotesLambda,
  year={2007},
  title = {Lecture {{Notes}} on the {{Lambda Calculus}}},
  author = {Selinger, Peter}
}

@book{herbertMathematicalIntroductionLogic,
  title = {A Mathematical Introduction to Logic},
  publisher = {Barbara Holland},
  year={2001},
  author = {{Enderton Herbert} and {B. Enderton Herbert}},
  langid = {english}
}

@book{vladimira.zorichMathematicalAnalysis2015,
  title = {Mathematical {{Analysis I}}},
  author = {{Vladimir A. Zorich}},
  year = {2015},
  series = {Universitext},
  publisher = {{Springer Berlin Heidelberg}},
  address = {{Berlin, Heidelberg}},
  doi = {10.1007/978-3-662-48792-1},
  urldate = {2023-10-24},
  isbn = {978-3-662-48790-7 978-3-662-48792-1},
  langid = {american}
}

@book{henkbarendregtLAMBDACALCULUSTYPES,
  title = {{{Lambda Calculus with Types}}},
  year={2020},
  publisher  = {Cambridge University Press},
  author = {{Henk Barendregt} and {Wil Dekkers} and {Richard Statman}},
  langid = {english}
}
